@article{Elzerman2004,
   title={Single-shot read-out of an individual electron spin in a quantum dot},
   volume={430},
   ISSN={1476-4687},
   url={http://dx.doi.org/10.1038/nature02693},
   DOI={10.1038/nature02693},
   number={6998},
   journal={Nature},
   publisher={Springer Science and Business Media LLC},
   author={Elzerman, J. M. and Hanson, R. and Willems van Beveren, L. H. and Witkamp, B. and Vandersypen, L. M. K. and Kouwenhoven, L. P.},
   year={2004},
   month={Jul},
   pages={431–435}
}

@article{Struck2020,
  title={Robust and fast post-processing of single-shot spin qubit detection events with a neural network},
  author={Struck, Tom and Lindner, Javed and Hollmann, Arne and Schauer, Floyd and Schmidbauer, Andreas and Bougeard, Dominique and Schreiber, Lars R},
  journal={arXiv preprint arXiv:2012.04686},
  year={2020}
}

@article{Volk2019,
   title={Fast Charge Sensing of Si/SiGe Quantum Dots via a High-Frequency Accumulation Gate},
   volume={19},
   ISSN={1530-6992},
   url={http://dx.doi.org/10.1021/acs.nanolett.9b02149},
   DOI={10.1021/acs.nanolett.9b02149},
   number={8},
   journal={Nano Letters},
   publisher={American Chemical Society (ACS)},
   author={Volk, Christian and Chatterjee, Anasua and Ansaloni, Fabio and Marcus, Charles M. and Kuemmeth, Ferdinand},
   year={2019},
   month={Jul},
   pages={5628–5633}
}

@article{Petit2020,
   title={Universal quantum logic in hot silicon qubits},
   volume={580},
   ISSN={1476-4687},
   url={http://dx.doi.org/10.1038/s41586-020-2170-7},
   DOI={10.1038/s41586-020-2170-7},
   number={7803},
   journal={Nature},
   publisher={Springer Science and Business Media LLC},
   author={Petit, L. and Eenink, H. G. J. and Russ, M. and Lawrie, W. I. L. and Hendrickx, N. W. and Philips, S. G. J. and Clarke, J. S. and Vandersypen, L. M. K. and Veldhorst, M.},
   year={2020},
   month={Apr},
   pages={355–359}
}